@misc{RustWikipedia,
  title        = {Rust (programming language) - Wikipedia Article},
  howpublished = {\url{https://en.wikipedia.org/wiki/Rust_(programming_language)}},
  note         = {\textit{Accessed: 2023-05-18}}
}

@misc{FirstRustCommit,
  title        = {Rust (programming language) - Wikipedia Article},
  howpublished = {\url{https://git.kernel.org/pub/scm/linux/kernel/git/torvalds/linux.git/commit/?id=8aebac82933ff1a7c8eede18cab11e1115e2062b}},
  note         = {\textit{Accessed: 2023-05-18}}
}

